<record xmlns="http://www.loc.gov/MARC21/slim" xmlns:xsi="http://www.w3.org/2001/XMLSchema-instance" xsi:schemaLocation="http://www.loc.gov/MARC21/slim http://www.loc.gov/standards/marcxml/schema/MARC21slim.xsd"><leader>03095nam a2200529   4500</leader><controlfield tag="001">001680281</controlfield><controlfield tag="003">NNU</controlfield><controlfield tag="006">m        d        </controlfield><controlfield tag="007">cr cn |||m|||a</controlfield><controlfield tag="008">150223q19281930ae      ob    000 0 ara d</controlfield><datafield ind1=" " ind2=" " tag="040"><subfield code="a">NNU</subfield><subfield code="b">eng</subfield><subfield code="e">rda</subfield><subfield code="c">NNU</subfield></datafield><datafield ind1=" " ind2="4" tag="050"><subfield code="a">PJ7700.K8</subfield><subfield code="b">.Z771</subfield></datafield><datafield ind1="1" ind2=" " tag="100"><subfield code="a">P&#233;r&#232;s, Henri.</subfield></datafield><datafield ind1="1" ind2="0" tag="245"><subfield code="6">880-01</subfield><subfield code="a">Sharh&#803; Di&#772;wa&#772;n Kuthayyir ibn &#699;Abd al-Rah&#803;ma&#772;n al-Khuza&#772;&#699;i&#772; al-mashhu&#772;r bi-Kuthayyir &#699;Azzah.</subfield><subfield code="c">Qad i&#699;tana&#769; bi-jam&#699;ihi wa-nashrihi Hanri&#772; Pi&#772;ris.</subfield></datafield><datafield ind1=" " ind2=" " tag="260"><subfield code="6">880-02</subfield><subfield code="a">[Al-Jaza&#772;&#700;ir],</subfield><subfield code="b">[Mat&#803;ba&#699;at Ju&#772;l Karbu&#772;nil],</subfield><subfield code="c">[1928-1930]</subfield></datafield><datafield ind1=" " ind2=" " tag="300"><subfield code="a">online resource (volumes)</subfield></datafield><datafield ind1=" " ind2=" " tag="336"><subfield code="a">text</subfield><subfield code="2">rdacontent</subfield></datafield><datafield ind1=" " ind2=" " tag="337"><subfield code="a">computer</subfield><subfield code="2">rdamedia</subfield></datafield><datafield ind1=" " ind2=" " tag="338"><subfield code="a">online resource</subfield><subfield code="2">rdacarrier</subfield></datafield><datafield ind1="1" ind2=" " tag="490"><subfield code="6">880-03</subfield><subfield code="a">Fuh&#803;u&#772;l al-&#699;Arab fi&#772; &#699;ilm al-adab</subfield></datafield><datafield ind1="1" ind2=" " tag="490"><subfield code="6">880-04</subfield><subfield code="a">Khaza&#772;nat al-Kutub al-&#699;Arabi&#772;yah</subfield></datafield><datafield ind1=" " ind2=" " tag="500"><subfield code="a">Added t.p.: Di&#770;wa&#772;n [par] Kot&#803;ayyir-&#699;Azza; accompagne&#769; d'un commentaire arabe.</subfield></datafield><datafield ind1=" " ind2=" " tag="500"><subfield code="a">A compilation of commentaries on individual verses of Kuthayyir's poems written by various authors.</subfield></datafield><datafield ind1=" " ind2=" " tag="500"><subfield code="a">Vol. 2 has introd. in French.</subfield></datafield><datafield ind1=" " ind2=" " tag="500"><subfield code="a">Part of the Arabic Collections Online (ACO) project, contributed by New York Univeristy Libraries.</subfield></datafield><datafield ind1=" " ind2=" " tag="504"><subfield code="a">Includes bibliographical references.</subfield></datafield><datafield ind1=" " ind2=" " tag="533"><subfield code="a">Electronic reproduction.</subfield><subfield code="b">New York, N.Y. :</subfield><subfield code="c">New York University,</subfield><subfield code="d">2015.</subfield><subfield code="5">NNU</subfield></datafield><datafield ind1="0" ind2="0" tag="600"><subfield code="6">880-05</subfield><subfield code="a">Kuthayyir &#699;Azzah ibn &#699;Abd al-Rah&#803;ma&#772;n,</subfield><subfield code="d">-723.</subfield><subfield code="t">Di&#772;wa&#772;n.</subfield></datafield><datafield ind1="1" ind2="2" tag="700"><subfield code="6">880-06</subfield><subfield code="a">Kuthayyir &#699;Azzah,</subfield><subfield code="d">643 or 644-723 or 724.</subfield><subfield code="t">Di&#772;wa&#772;n.</subfield></datafield><datafield ind1="2" ind2=" " tag="710"><subfield code="a">New York University.</subfield><subfield code="b">Libraries.</subfield></datafield><datafield ind1="0" ind2=" " tag="730"><subfield code="a">Arabic Collections Online.</subfield></datafield><datafield ind1="0" ind2="8" tag="776"><subfield code="i">Online version:</subfield><subfield code="a">Pe&#769;re&#768;s, Henri.</subfield><subfield code="t">Sharh&#803; Di&#772;wa&#772;n Kuthayyir ibn &#699;Abd al-Rah&#803;ma&#772;n al-Khuza&#772;&#699;i&#772; al-mashhu&#772;r bi-Kuthayyir &#699;Azzah.</subfield><subfield code="d">[Al-Jaza&#772;&#697;ir, Mat&#803;ba&#699;at Ju&#772;l Karbu&#772;nil, 1928-30</subfield><subfield code="w">(OCoLC)624051920</subfield></datafield><datafield ind1="0" ind2="8" tag="776"><subfield code="i">Print version:</subfield><subfield code="a">P&#233;r&#232;s, Henri.</subfield><subfield code="t">Sharh&#803; Di&#772;wa&#772;n Kuthayyir ibn &#699;Abd al-Rah&#803;ma&#772;n al-Khuza&#772;&#699;i&#772; al-mashhu&#772;r bi-Kuthayyir &#699;Azzah</subfield><subfield code="w">(NNU)001680281</subfield><subfield code="w">(DLC)   73206585</subfield></datafield><datafield ind1="4" ind2="0" tag="856"><subfield code="u">http://hdl.handle.net/2333.1/8gtht9g5</subfield></datafield><datafield ind1="1" ind2="0" tag="880"><subfield code="6">245-01/</subfield><subfield code="a">&#1588;&#1585;&#1581; &#1583;&#1610;&#1608;&#1575;&#1606; &#1603;&#1579;&#1610;&#1585; &#1576;&#1606; &#1593;&#1576;&#1583; &#1575;&#1604;&#1585;&#1581;&#1605;&#1606; &#1575;&#1604;&#1582;&#1586;&#1575;&#1593;&#1610; &#1575;&#1604;&#1605;&#1588;&#1607;&#1608;&#1585; &#1576;&#1603;&#1579;&#1610;&#1585; &#1593;&#1586;&#1577;.</subfield><subfield code="c">&#1602;&#1583; &#1575;&#1593;&#1578;&#1606;&#1609; &#1576;&#1580;&#1605;&#1593;&#1607; &#1608;&#1606;&#1588;&#1585;&#1607; &#1607;&#1606;&#1585;&#1610; &#1662;&#1610;&#1585;&#1587;.</subfield></datafield><datafield ind1=" " ind2=" " tag="880"><subfield code="6">260-02/</subfield><subfield code="a">[&#1575;&#1604;&#1580;&#1586;&#1575;&#1574;&#1585;]&#1548;</subfield><subfield code="b">[&#1605;&#1591;&#1576;&#1593;&#1577; &#1580;&#1608;&#1604; &#1603;&#1585;&#1576;&#1608;&#1606;&#1604;]&#1548;</subfield><subfield code="c">[1928-1930]</subfield></datafield><datafield ind1="1" ind2=" " tag="880"><subfield code="6">490-03/</subfield><subfield code="a">&#1601;&#1581;&#1608;&#1604; &#1575;&#1604;&#1593;&#1585;&#1576; &#1601;&#1610; &#1593;&#1604;&#1605; &#1575;&#1604;&#1571;&#1583;&#1576;</subfield></datafield><datafield ind1="1" ind2=" " tag="880"><subfield code="6">490-04/</subfield><subfield code="a">&#1582;&#1586;&#1575;&#1606;&#1577; &#1575;&#1604;&#1603;&#1578;&#1576; &#1575;&#1604;&#1593;&#1585;&#1576;&#1610;&#1577;</subfield></datafield><datafield ind1="0" ind2="4" tag="880"><subfield code="6">600-05/</subfield><subfield code="a">&#1603;&#1579;&#1610;&#1585; &#1593;&#1586;&#1577; &#1576;&#1606; &#1593;&#1576;&#1583; &#1575;&#1604;&#1585;&#1581;&#1605;&#1606;&#1548;</subfield><subfield code="d">-723.</subfield><subfield code="t">&#1583;&#1610;&#1608;&#1575;&#1606;.</subfield></datafield><datafield ind1="1" ind2="2" tag="880"><subfield code="6">700-06/</subfield><subfield code="a">&#1603;&#1579;&#1610;&#1585; &#1593;&#1586;&#1577;&#1548;</subfield><subfield code="d">643 or 644-723 or 724.</subfield><subfield code="t">&#1583;&#1610;&#1608;&#1575;&#1606;.</subfield></datafield><datafield ind1=" " ind2="0" tag="830"><subfield code="a">Maktabah al-&#699;Arab&#299;yah (Cairo, Egypt)</subfield></datafield><datafield ind1=" " ind2="0" tag="830"><subfield code="6">880-07</subfield><subfield code="a">Fuh&#803;u&#772;l al-&#699;Arab fi&#772; &#699;ilm al-adab.</subfield></datafield><datafield ind1=" " ind2="0" tag="880"><subfield code="6">830-07/</subfield><subfield code="a">&#1601;&#1581;&#1608;&#1604; &#1575;&#1604;&#1593;&#1585;&#1576; &#1601;&#1610; &#1593;&#1604;&#1605; &#1575;&#1604;&#1571;&#1583;&#1576;.</subfield></datafield><datafield ind1=" " ind2="0" tag="830"><subfield code="6">880-08</subfield><subfield code="a">Khaza&#772;nat al-Kutub al-&#699;Arabi&#772;yah.</subfield></datafield><datafield ind1=" " ind2="0" tag="880"><subfield code="6">830-08/</subfield><subfield code="a">&#1582;&#1586;&#1575;&#1606;&#1577; &#1575;&#1604;&#1603;&#1578;&#1576; &#1575;&#1604;&#1593;&#1585;&#1576;&#1610;&#1577;.</subfield></datafield><datafield ind1=" " ind2=" " tag="959"><subfield code="a">NNU</subfield><subfield code="b">WEB</subfield><subfield code="c">GENI</subfield><subfield code="t">0</subfield><subfield code="m">Electronic access</subfield><subfield code="s">01</subfield></datafield><datafield ind1=" " ind2=" " tag="999"><subfield code="i">NNU_001680281</subfield><subfield code="s">nyu_aco000100:v.1</subfield><subfield code="s">nyu_aco000101:v.2</subfield><subfield code="e">(ERROR-880)</subfield></datafield></record>